%YAML 1.1
%TAG !u! tag:unity3d.com,2011:
--- !u!244 &-3206643822055832578
AudioMixerEffectController:
  m_ObjectHideFlags: 3
  m_CorrespondingSourceObject: {fileID: 0}
  m_PrefabInstance: {fileID: 0}
  m_PrefabAsset: {fileID: 0}
  m_Name: 
  m_EffectID: 1082b43073f471547a5848ad78b291fd
  m_EffectName: Attenuation
  m_MixLevel: 8d04d2ad5688e0b42a95fe4f3fd9ee0e
  m_Parameters: []
  m_SendTarget: {fileID: 0}
  m_EnableWetMix: 0
  m_Bypass: 0
--- !u!243 &-2982619732060881758
AudioMixerGroupController:
  m_ObjectHideFlags: 0
  m_CorrespondingSourceObject: {fileID: 0}
  m_PrefabInstance: {fileID: 0}
  m_PrefabAsset: {fileID: 0}
  m_Name: Effects
  m_AudioMixer: {fileID: 24100000}
  m_GroupID: 85c5e6e0067367a43962a64b3db29953
  m_Children: []
  m_Volume: e7b9a220edab8544493c303c393d128c
  m_Pitch: 401afbcf15cbd724d99a5cb7ce2b9b99
  m_Send: 00000000000000000000000000000000
  m_Effects:
  - {fileID: -3206643822055832578}
  m_UserColorIndex: 0
  m_Mute: 0
  m_Solo: 0
  m_BypassEffects: 0
--- !u!243 &-2914650953011096211
AudioMixerGroupController:
  m_ObjectHideFlags: 0
  m_CorrespondingSourceObject: {fileID: 0}
  m_PrefabInstance: {fileID: 0}
  m_PrefabAsset: {fileID: 0}
  m_Name: bg
  m_AudioMixer: {fileID: 24100000}
  m_GroupID: be051057b183b5342842dfa576d6cbf9
  m_Children: []
  m_Volume: 2976d07272d42ec469ea25ccfae38c02
  m_Pitch: 79ba99005a3e1b242abfedf04dc1bfb6
  m_Send: 00000000000000000000000000000000
  m_Effects:
  - {fileID: 2259304420514907598}
  m_UserColorIndex: 0
  m_Mute: 0
  m_Solo: 0
  m_BypassEffects: 0
--- !u!241 &24100000
AudioMixerController:
  m_ObjectHideFlags: 0
  m_CorrespondingSourceObject: {fileID: 0}
  m_PrefabInstance: {fileID: 0}
  m_PrefabAsset: {fileID: 0}
  m_Name: NewAudioMixer
  m_OutputGroup: {fileID: 0}
  m_MasterGroup: {fileID: 24300002}
  m_Snapshots:
  - {fileID: 24500006}
  m_StartSnapshot: {fileID: 24500006}
  m_SuspendThreshold: -80
  m_EnableSuspend: 1
  m_UpdateMode: 0
  m_ExposedParameters: []
  m_AudioMixerGroupViews:
  - guids:
    - a9be7b7a463a40a40b015b544bfbb985
    - be051057b183b5342842dfa576d6cbf9
    - 85c5e6e0067367a43962a64b3db29953
    name: View
  m_CurrentViewIndex: 0
  m_TargetSnapshot: {fileID: 24500006}
--- !u!243 &24300002
AudioMixerGroupController:
  m_ObjectHideFlags: 0
  m_CorrespondingSourceObject: {fileID: 0}
  m_PrefabInstance: {fileID: 0}
  m_PrefabAsset: {fileID: 0}
  m_Name: Master
  m_AudioMixer: {fileID: 24100000}
  m_GroupID: a9be7b7a463a40a40b015b544bfbb985
  m_Children:
  - {fileID: -2914650953011096211}
  - {fileID: -2982619732060881758}
  m_Volume: b7e7a67782ce5f74fbc571282da1ffca
  m_Pitch: 57b21eec9bbc09b4084459f1789c2c51
  m_Send: 00000000000000000000000000000000
  m_Effects:
  - {fileID: 24400004}
  m_UserColorIndex: 0
  m_Mute: 0
  m_Solo: 0
  m_BypassEffects: 0
--- !u!244 &24400004
AudioMixerEffectController:
  m_ObjectHideFlags: 3
  m_CorrespondingSourceObject: {fileID: 0}
  m_PrefabInstance: {fileID: 0}
  m_PrefabAsset: {fileID: 0}
  m_Name: 
  m_EffectID: 1338d81fd5c74114e84e0190508d5c0f
  m_EffectName: Attenuation
  m_MixLevel: 9eb8534bc2fd2224983b50ac5e64c351
  m_Parameters: []
  m_SendTarget: {fileID: 0}
  m_EnableWetMix: 0
  m_Bypass: 0
--- !u!245 &24500006
AudioMixerSnapshotController:
  m_ObjectHideFlags: 0
  m_CorrespondingSourceObject: {fileID: 0}
  m_PrefabInstance: {fileID: 0}
  m_PrefabAsset: {fileID: 0}
  m_Name: Snapshot
  m_AudioMixer: {fileID: 24100000}
  m_SnapshotID: ccbba733d13ce704fb74f09af66f4797
  m_FloatValues:
    e7b9a220edab8544493c303c393d128c: -9.833286
    2976d07272d42ec469ea25ccfae38c02: -20.1
  m_TransitionOverrides: {}
--- !u!244 &2259304420514907598
AudioMixerEffectController:
  m_ObjectHideFlags: 3
  m_CorrespondingSourceObject: {fileID: 0}
  m_PrefabInstance: {fileID: 0}
  m_PrefabAsset: {fileID: 0}
  m_Name: 
  m_EffectID: 7cdb58501c2867146b7a4432b4ee217e
  m_EffectName: Attenuation
  m_MixLevel: 7e9896848fbfc9940bbaab4b68403aa0
  m_Parameters: []
  m_SendTarget: {fileID: 0}
  m_EnableWetMix: 0
  m_Bypass: 0
